<?xml version="1.0" encoding="UTF-8"?><collection xmlns="http://www.loc.gov/MARC21/slim"><record><leader>00467nam--2200145-i-4500</leader><controlfield tag="001">000019939</controlfield><controlfield tag="002">20161230</controlfield><controlfield tag="005">20161230201033</controlfield><controlfield tag="008">060222s1000------------r-----000-0-eng-d</controlfield><datafield ind1=" " ind2=" " tag="080"><subfield code="a">519.66(083.5):528(083.5)</subfield></datafield><datafield ind1="1" ind2=" " tag="100"><subfield code="a">Dragomir, Vasile., Nicolescu Gheorghe., Ciurileanu Dumitru</subfield></datafield><datafield ind1="1" ind2="0" tag="245"><subfield code="a">Tabele de valori naturale ale functiilor trigonometrice (8 zecimale)</subfield></datafield><datafield ind1=" " ind2=" " tag="260"><subfield code="a">Bucuresti, Editura Militara, 1967</subfield></datafield><datafield ind1=" " ind2=" " tag="852"><subfield code="a">47624</subfield><subfield code="c">518.2</subfield></datafield><datafield ind1=" " ind2=" " tag="CAT"><subfield code="a">Sys</subfield><subfield code="c">20100511</subfield><subfield code="h">105842</subfield></datafield></record></collection>